@article{macneil2011gene,
  title={Gene regulatory networks and the role of robustness and stochasticity in the control of gene expression},
  author={MacNeil, Lesley T and Walhout, Albertha JM},
  journal={Genome research},
  volume={21},
  number={5},
  pages={645--657},
  year={2011},
  publisher={Cold Spring Harbor Lab}
}

@article{price2018mutant,
  title={Mutant phenotypes for thousands of bacterial genes of unknown function},
  author={Price, Morgan N and Wetmore, Kelly M and Waters, R Jordan and Callaghan, Mark and Ray, Jayashree and Liu, Hualan and Kuehl, Jennifer V and Melnyk, Ryan A and Lamson, Jacob S and Suh, Yumi and others},
  journal={Nature},
  volume={557},
  number={7706},
  pages={503--509},
  year={2018},
  publisher={Nature Publishing Group UK London}
}

@article{kuchner1997directed,
  title={Directed evolution of enzyme catalysts},
  author={Kuchner, Olga and Arnold, Frances H},
  journal={Trends in biotechnology},
  volume={15},
  number={12},
  pages={523--530},
  year={1997},
  publisher={Elsevier}
}

@article{levy2015quantitative,
  title={Quantitative evolutionary dynamics using high-resolution lineage tracking},
  author={Levy, Sasha F and Blundell, Jamie R and Venkataram, Sandeep and Petrov, Dmitri A and Fisher, Daniel S and Sherlock, Gavin},
  journal={Nature},
  volume={519},
  number={7542},
  pages={181--186},
  year={2015},
  publisher={Nature Publishing Group UK London}
}

@article{agozzino2020cells,
  title={How do cells adapt? Stories told in landscapes},
  author={Agozzino, Luca and Bal{\'a}zsi, G{\'a}bor and Wang, Jin and Dill, Ken A},
  journal={Annual review of chemical and biomolecular engineering},
  volume={11},
  number={1},
  pages={155--182},
  year={2020},
  publisher={Annual Reviews}
}

@article{tan2009emergent,
  title={Emergent bistability by a growth-modulating positive feedback circuit},
  author={Tan, Cheemeng and Marguet, Philippe and You, Lingchong},
  journal={Nature chemical biology},
  volume={5},
  number={11},
  pages={842--848},
  year={2009},
  publisher={Nature Publishing Group US New York}
}

@article{fisher1930genetical,
  title={The Genetical Theory of Natural Selection Oxford, UK: Oxford Univ},
  author={Fisher, RA},
  journal={Press Complet. variorium ed},
  year={1930}
}

@article{blanquart2014properties,
  title={Properties of selected mutations and genotypic landscapes under Fisher's geometric model},
  author={Blanquart, Fran{\c{c}}ois and Achaz, Guillaume and Bataillon, Thomas and Tenaillon, Olivier},
  journal={Evolution},
  volume={68},
  number={12},
  pages={3537--3554},
  year={2014},
  publisher={Blackwell Publishing Inc Malden, USA}
}

@article{martin2006fitness,
  title={The fitness effect of mutations across environments: a survey in light of fitness landscape models},
  author={Martin, Guillaume and Lenormand, Thomas},
  journal={Evolution},
  volume={60},
  number={12},
  pages={2413--2427},
  year={2006},
  publisher={Blackwell Publishing Ltd Oxford, UK}
}

@article{martin2006general,
  title={A general multivariate extension of Fisher's geometrical model and the distribution of mutation fitness effects across species},
  author={Martin, Guillaume and Lenormand, Thomas},
  journal={Evolution},
  volume={60},
  number={5},
  pages={893--907},
  year={2006},
  publisher={Wiley Online Library}
}

@article{riley2006escherichia,
  title={Escherichia coli K-12: a cooperatively developed annotation snapshot—2005},
  author={Riley, Monica and Abe, Takashi and Arnaud, Martha B and Berlyn, Mary KB and Blattner, Frederick R and Chaudhuri, Roy R and Glasner, Jeremy D and Horiuchi, Takashi and Keseler, Ingrid M and Kosuge, Takehide and others},
  journal={Nucleic acids research},
  volume={34},
  number={1},
  pages={1--9},
  year={2006},
  publisher={Oxford University Press}
}
@article{crick1973project,
  title={Project K:" The Complete Solution of E. Coli"},
  author={Crick, FHC},
  journal={Perspectives in Biology and Medicine},
  volume={17},
  number={1},
  pages={67--70},
  year={1973},
  publisher={Johns Hopkins University Press}
}
@article{baba2006construction,
  title={Construction of Escherichia coli K-12 in-frame, single-gene knockout mutants: the Keio collection},
  author={Baba, Tomoya and Ara, Takeshi and Hasegawa, Miki and Takai, Yuki and Okumura, Yoshiko and Baba, Miki and Datsenko, Kirill A and Tomita, Masaru and Wanner, Barry L and Mori, Hirotada},
  journal={Molecular systems biology},
  volume={2},
  number={1},
  pages={2006--0008},
  year={2006},
  publisher={John Wiley \& Sons, Ltd Chichester, UK}
}

@article{wetmore2015rapid,
  title={Rapid quantification of mutant fitness in diverse bacteria by sequencing randomly bar-coded transposons},
  author={Wetmore, Kelly M and Price, Morgan N and Waters, Robert J and Lamson, Jacob S and He, Jennifer and Hoover, Cindi A and Blow, Matthew J and Bristow, James and Butland, Gareth and Arkin, Adam P and others},
  journal={MBio},
  volume={6},
  number={3},
  pages={10--1128},
  year={2015},
  publisher={American Society for Microbiology 1752 N St., NW, Washington, DC}
}

@article{moore2001anna,
  title={The Anna Karenina principle applied to ecological risk assessments of multiple stressors},
  author={Moore, Dwayne RJ},
  journal={Human and Ecological Risk Assessment},
  volume={7},
  number={2},
  pages={231--237},
  year={2001},
  publisher={Taylor \& Francis}
}

@article{maclean2010diminishing,
  title={Diminishing returns from beneficial mutations and pervasive epistasis shape the fitness landscape for rifampicin resistance in Pseudomonas aeruginosa},
  author={MacLean, RC and Perron, GG and Gardner, Andy},
  journal={Genetics},
  volume={186},
  number={4},
  pages={1345--1354},
  year={2010},
  publisher={Oxford University Press}
}

@article{weinreich2013fisher,
  title={Fisher's geometric model of adaptation meets the functional synthesis: data on pairwise epistasis for fitness yields insights into the shape and size of phenotype space},
  author={Weinreich, Daniel M and Knies, Jennifer L},
  journal={Evolution},
  volume={67},
  number={10},
  pages={2957--2972},
  year={2013},
  publisher={Blackwell Publishing Inc Malden, USA}
}

@article{martin2007distributions,
  title={Distributions of epistasis in microbes fit predictions from a fitness landscape model},
  author={Martin, Guillaume and Elena, Santiago F and Lenormand, Thomas},
  journal={Nature genetics},
  volume={39},
  number={4},
  pages={555--560},
  year={2007},
  publisher={Nature Publishing Group US New York}
}
@article{sousa2012cost,
  title={Cost of antibiotic resistance and the geometry of adaptation},
  author={Sousa, Ana and Magalhaes, Sara and Gordo, Isabel},
  journal={Molecular biology and evolution},
  volume={29},
  number={5},
  pages={1417--1428},
  year={2012},
  publisher={Oxford University Press}
}

@article{martin2015fitness,
  title={The fitness effect of mutations across environments: Fisher's geometrical model with multiple optima},
  author={Martin, Guillaume and Lenormand, Thomas},
  journal={Evolution},
  volume={69},
  number={6},
  pages={1433--1447},
  year={2015},
  publisher={Blackwell Publishing Inc Malden, USA}
}

@article{pahujani2025complexity,
  title={Complexity and accessibility of random landscapes},
  author={Pahujani, Sakshi and Krug, Joachim},
  journal={arXiv preprint arXiv:2502.05896},
  year={2025}
}

@article{tenaillon2014utility,
  title={The utility of Fisher's geometric model in evolutionary genetics},
  author={Tenaillon, Olivier},
  journal={Annual review of ecology, evolution, and systematics},
  volume={45},
  number={1},
  pages={179--201},
  year={2014},
  publisher={Annual Reviews}
}

@article{orr2005genetic,
  title={The genetic theory of adaptation: a brief history},
  author={Orr, H Allen},
  journal={Nature reviews genetics},
  volume={6},
  number={2},
  pages={119--127},
  year={2005},
  publisher={Nature Publishing Group UK London}
}

@article{park2020distribution,
  title={Distribution of the number of fitness maxima in Fisher’s geometric model},
  author={Park, Su-Chan and Hwang, Sungmin and Krug, Joachim},
  journal={Journal of Physics A: Mathematical and Theoretical},
  volume={53},
  number={38},
  pages={385601},
  year={2020},
  publisher={IOP Publishing}
}

@article{paaby2013many,
  title={The many faces of pleiotropy},
  author={Paaby, Annalise B and Rockman, Matthew V},
  journal={Trends in genetics},
  volume={29},
  number={2},
  pages={66--73},
  year={2013},
  publisher={Elsevier}
}

@article{manrubia2021genotypes,
  title={From genotypes to organisms: State-of-the-art and perspectives of a cornerstone in evolutionary dynamics},
  author={Manrubia, Susanna and Cuesta, Jos{\'e} A and Aguirre, Jacobo and Ahnert, Sebastian E and Altenberg, Lee and Cano, Alejandro V and Catal{\'a}n, Pablo and Diaz-Uriarte, Ramon and Elena, Santiago F and Garc{\'\i}a-Mart{\'\i}n, Juan Antonio and others},
  journal={Physics of Life Reviews},
  volume={38},
  pages={55--106},
  year={2021},
  publisher={Elsevier}
}

 

@article{sella2005application,
  title={The application of statistical physics to evolutionary biology},
  author={Sella, Guy and Hirsh, Aaron E},
  journal={Proceedings of the National Academy of Sciences},
  volume={102},
  number={27},
  pages={9541--9546},
  year={2005},
  publisher={National Academy of Sciences}
}

@article{vitorino2024transforming,
  title={Transforming clinical research: the power of high-throughput omics integration},
  author={Vitorino, Rui},
  journal={Proteomes},
  volume={12},
  number={3},
  pages={25},
  year={2024},
  publisher={MDPI}
}

@article{tenaillon2007quantifying,
  title={Quantifying organismal complexity using a population genetic approach},
  author={Tenaillon, Olivier and Silander, Olin K and Uzan, Jean-Philippe and Chao, Lin},
  journal={PloS one},
  volume={2},
  number={2},
  pages={e217},
  year={2007},
  publisher={Public Library of Science San Francisco, USA}
}

@article{lande1983measurement,
  title={The measurement of selection on correlated characters},
  author={Lande, Russell and Arnold, Stevan J},
  journal={Evolution},
  pages={1210--1226},
  year={1983},
  publisher={JSTOR}
}